@article{mckeown2008openflow,
  title={OpenFlow: enabling innovation in campus networks},
  author={McKeown, Nick and Anderson, Tom and Balakrishnan, Hari and Parulkar, Guru and Peterson, Larry and Rexford, Jennifer and Shenker, Scott and Turner, Jonathan},
  journal={ACM SIGCOMM computer communication review},
  volume={38},
  number={2},
  pages={69--74},
  year={2008},
  publisher={ACM New York, NY, USA}
}
@article{uhlig2005intel,
  title={Intel virtualization technology},
  author={Uhlig, Rich and Neiger, Gil and Rodgers, Dion and Santoni, Amy L and Martins, Fernando CM and Anderson, Andrew V and Bennett, Steven M and Kagi, Alain and Leung, Felix H and Smith, Larry},
  journal={Computer},
  volume={38},
  number={5},
  pages={48--56},
  year={2005},
  publisher={IEEE}
}
@article{li2017new,
  title={A new method for providing network services: Service function chain},
  author={Li, Taixin and Zhou, Huachun and Luo, Hongbin},
  journal={Optical Switching and Networking},
  volume={26},
  pages={60--68},
  year={2017},
  publisher={Elsevier}
}

@inproceedings{bari2015orchestrating,
  title={On orchestrating virtual network functions},
  author={Bari, Md Faizul and Chowdhury, Shihabur Rahman and Ahmed, Reaz and Boutaba, Raouf},
  booktitle={2015 11th International Conference on Network and Service Management (CNSM)},
  pages={50--56},
  year={2015},
  organization={IEEE}
}

@article{han2015network,
  title={Network function virtualization: Challenges and opportunities for innovations},
  author={Han, Bo and Gopalakrishnan, Vijay and Ji, Lusheng and Lee, Seungjoon},
  journal={IEEE Communications Magazine},
  volume={53},
  number={2},
  pages={90--97},
  year={2015},
  publisher={IEEE}
}

@article{kreutz2014software,
  title={Software-defined networking: A comprehensive survey},
  author={Kreutz, Diego and Ramos, Fernando MV and Verissimo, Paulo Esteves and Rothenberg, Christian Esteve and Azodolmolky, Siamak and Uhlig, Steve},
  journal={Proceedings of the IEEE},
  volume={103},
  number={1},
  pages={14--76},
  year={2014},
  publisher={Ieee}
}

@article{herrera2016resource,
  title={Resource allocation in NFV: A comprehensive survey},
  author={Herrera, Juliver Gil and Botero, Juan Felipe},
  journal={IEEE Transactions on Network and Service Management},
  volume={13},
  number={3},
  pages={518--532},
  year={2016},
  publisher={IEEE}
}

@article{soares2015toward,
  title={Toward a telco cloud environment for service functions},
  author={Soares, Jo{\~a}o and Gon{\c{c}}alves, Carlos and Parreira, Bruno and Tavares, Paulo and Carapinha, Jorge and Barraca, Jo{\~a}o Paulo and Aguiar, Rui L and Sargento, Susana},
  journal={IEEE Communications Magazine},
  volume={53},
  number={2},
  pages={98--106},
  year={2015},
  publisher={IEEE}
}

@phdthesis{pujol2017deployment,
  title={Deployment of NFV and SFC scenarios},
  author={Pujol, Pau Capdevila},
  year={2017},
  school={Universitat Polit{\`e}cnica de Catalunya. Escola d'Enginyeria de Telecomunicaci{\'o}~…}
}
@inproceedings{mechtri2016vnf,
  title={VNF placement and chaining in distributed cloud},
  author={Mechtri, Marouen and Ghribi, Chaima and Zeghlache, Djamal},
  booktitle={2016 IEEE 9th International Conference on Cloud Computing (CLOUD)},
  pages={376--383},
  year={2016},
  organization={IEEE}
}
@article{houidi2020dynamic,
  title={Dynamic vnf forwarding graph extension algorithms},
  author={Houidi, Omar and Soualah, Oussama and Louati, Wajdi and Zeghlache, Djamal},
  journal={IEEE Transactions on Network and Service Management},
  volume={17},
  number={3},
  pages={1389--1402},
  year={2020},
  publisher={IEEE}
}
@inproceedings{li2015virtual,
  title={The virtual network function placement problem},
  author={Li, Xin and Qian, Chen},
  booktitle={2015 IEEE Conference on Computer Communications Workshops (INFOCOM WKSHPS)},
  pages={69--70},
  year={2015},
  organization={IEEE}
}
@inproceedings{houidi2017efficient,
  title={An efficient algorithm for virtual network function scaling},
  author={Houidi, Omar and Soualah, Oussama and Louati, Wajdi and Mechtri, Marouen and Zeghlache, Djamal and Kamoun, Farouk},
  booktitle={GLOBECOM 2017-2017 IEEE Global Communications Conference},
  pages={1--7},
  year={2017},
  organization={IEEE}
}
@article{draxler2018jasper,
  title={Jasper: Joint optimization of scaling, placement, and routing of virtual network services},
  author={Dr{\"a}xler, Sevil and Karl, Holger and Mann, Zolt{\'a}n {\'A}d{\'a}m},
  journal={IEEE Transactions on Network and Service Management},
  volume={15},
  number={3},
  pages={946--960},
  year={2018},
  publisher={IEEE}
}
@article{ayoubi2016reliable,
  title={A reliable embedding framework for elastic virtualized services in the cloud},
  author={Ayoubi, Sara and Zhang, Yanhong and Assi, Chadi},
  journal={IEEE Transactions on Network and Service Management},
  volume={13},
  number={3},
  pages={489--503},
  year={2016},
  publisher={IEEE}
}
@article{liu2017dynamic,
  title={On dynamic service function chain deployment and readjustment},
  author={Liu, Junjie and Lu, Wei and Zhou, Fen and Lu, Ping and Zhu, Zuqing},
  journal={IEEE Transactions on Network and Service Management},
  volume={14},
  number={3},
  pages={543--553},
  year={2017},
  publisher={IEEE}
}

@inproceedings{li2016network,
  title={Network functions virtualization with soft real-time guarantees},
  author={Li, Yang and Phan, Linh Thi Xuan and Loo, Boon Thau},
  booktitle={IEEE INFOCOM 2016-The 35th Annual IEEE International Conference on Computer Communications},
  pages={1--9},
  year={2016},
  organization={IEEE}
}
@article{rankothge2017optimizing,
  title={Optimizing resource allocation for virtualized network functions in a cloud center using genetic algorithms},
  author={Rankothge, Windhya and Le, Franck and Russo, Alessandra and Lobo, Jorge},
  journal={IEEE Transactions on Network and Service Management},
  volume={14},
  number={2},
  pages={343--356},
  year={2017},
  publisher={IEEE}
}


@article{mechtri2016scalable,
  title={A scalable algorithm for the placement of service function chains},
  author={Mechtri, Marouen and Ghribi, Chaima and Zeghlache, Djamal},
  journal={IEEE Transactions on Network and Service Management},
  volume={13},
  number={3},
  pages={533--546}, 
  year={2016},
  publisher={IEEE}
}
@article{umeyama1988eigendecomposition,
  title={An eigendecomposition approach to weighted graph matching problems},
  author={Umeyama, Shinji},
  journal={IEEE transactions on pattern analysis and machine intelligence},
  volume={10},
  number={5},
  pages={695--703},
  year={1988},
  publisher={IEEE}
}

@inproceedings{zegura2000model,
  title={How to model an internetwork},
  author={Zegura, E},
  booktitle={Proc. IEEE INFOCOM},
  year={2000}
}

@article{orlowski2010sndlib,
  title={SNDlib 1.0—Survivable network design library},
  author={Orlowski, Sebastian and Wess{\"a}ly, Roland and Pi{\'o}ro, Michal and Tomaszewski, Artur},
  journal={Networks: An International Journal},
  volume={55},
  number={3},
  pages={276--286},
  year={2010},
  publisher={Wiley Online Library}
}
